% Encoding: UTF-8

@Electronic{pronouns,
  author       = {Abigail Saguy and Juliet Williams},
  year         = {2020},
  note         = {[Access 2025-07-23]},
  title        = {Why We Should All Use They/Them Pronouns},
  url          = {https://blogs.scientificamerican.com/voices/why-we-should-all-use-they-them-pronouns/},
}

@Electronic{apaDefinitions,
  author       = {{APA}},
  year         = {2021},
  note         = {[Access 2021-04-06]},
  title        = {Definitions Related to Sexual Orientation},
  url          = {https://www.apa.org/pi/lgbt/resources/sexuality-definitions.pdf},
}

@Electronic{diaMat,
  author       = {{Marxists Internet Archive}},
  year         = {2023},
  note         = {[Access 2025-07-23]},
  title        = {Encyclopedia of Marxism},
  url          = {https://www.marxists.org/glossary/terms/d/i.htm},
}

@Electronic{caseScribbr,
  author       = {Shona McCombes},
  year         = {2019},
  note         = {[Access 2025-07-23]},
  title        = {What Is a Case Study?},
  url          = {https://www.scribbr.de/methodik/experiment/},
}

@inbook{3dgreesMore,
  author       = {Stephan Rahmstorf},
  editor       = {Klaus Wiegandt},
  year         = {2024},
  title        = {Climate and Weather at 3 Degrees More},
  bookTitle    = {3 Degrees More: The Impending Hot Season and How Nature Can Help Us Prevent It},
  pages        = {3--17},
  publisher    = {Springer Nature Switzerland},
  address      = {Cham},
  doi          = {10.1007/978-3-031-58144-1_1},
  isbn         = {978-3-031-58144-1},
}

@Comment{jabref-meta: databaseType:bibtex;}
